@article{paussdittmar,
	author = "Felicitas Pauss and Michael Dittmar",
	year = "1999",
	month = "January",
	title = "Experimental Challeneges at the LHC",
	journal = "arXiv:hep-ex/9901018v1"
}
