@article{atlas:prelim,
	author = "(\hbox{ATLAS Collaboration})",
	year = "2012",
	month = "February",
	title = "Combined Search for the Standard Model Higgs boson using up to 4.9 fb$^{-1}$
			of $pp$ collision data at $\sqrt{s}$ = 7 TeV with ATLAS detector at the LHC",
	journal = "Physics Letters B, 710 (2012) 49-66"
}
