@misc{CERN,
	title = "\href{https://twiki.cern.ch/twiki/bin/view/LHCPhysics/CrossSections}
	{\tt https://twiki.cern.ch/twiki/bin/view/LHCPhysics/CrossSections}",
	url = "https://twiki.cern.ch/twiki/bin/view/LHCPhysics/CrossSections"
}
