@article{cms:prelim,
	author = "(\hbox{CMS Collaboration})",
	year = "2012",
	month = "February",
	title = "Combined results of searches for the standard model Higgs boson in pp collisions",
	journal = "Physics Letters B, 710 (2012) 26-48"
}
