@misc{higgs,
	title = "\href{http://en.wikipedia.org/wiki/Higgs_boson}
	{\tt http://en.wikipedia.org/wiki/Higgs_boson}",
	url = "http://en.wikipedia.org/wiki/Higgs_boson"
}
