@article{higgs:review,
	author = "K. Nakamura et al. (Particle Data Group)",
	month = "July",
	year = "2010",
	title = "Higgs bosons: theory and searches",
	journal = "JPG 37, 075021",
	url = "\href{http://pdg.lbl.gov}{\tt link}"
}
