@misc{wikipedia,
	title = "\href{http://en.wikipedia.org/wiki/Yukawa_interaction}{\tt http://en.wikipedia.org/wiki/Yukawa\_interaction}",
	url = "http://en.wikipedia.org/wiki/Yukawa_interaction"

}
