@article{higgs:atlas,
	author = "The ATLAS Collaboration",
	month = "December",
	year = "2011",
	title = "Search for the Higgs boson in the $H \to WW^{(*)} \to \ell^+\nu\ell^-\bar{\nu}$ decay channel in $pp$ collisions at
		$\sqrt{s}$ = 7 TeV with the ATLAS detector",
	journal = "arXiv:1112.2577v2",
}
