@book{peskin,
	author = "Michael E. Peskin and Daniel V. Schroeder",
	title = "An Introduction To Quantum Field Theory",
	year = "1995",
	month = "October",
	publisher = "Westview Press"
}
