@misc{tev4lhc,
	title = "\href{http://maltoni.home.cern.ch/maltoni/TeV4LHC/SM.html}
	{\tt http://maltoni.home.cern.ch/maltoni/TeV4LHC/SM.html}",
	url = "http://maltoni.home.cern.ch/maltoni/TeV4LHC/SM.html"
}
