@book{elena:green,
	title="High $P_T$ Physics at Hadron Colliders",
	author="Dan Green",
	publisher="Cambridge University Press",
	year="2005",
	edition="1st"
}
