@book{perkins,
	title="Introduction to High Energy Physics",
	author="Donald H. Perkins",
	publisher="Cambridge University Press",
	edition="4th",
	year="2000"
}
