@article{tev:review,
	author = "(\hbox{TEVNPH Working Group})",
	month = "March",
	year = "2012",
	title = "Combined CDF and D\O Search for Standard Model Higgs Boson Production with up to 10.0 fb$^{-1}$ of Data",
	journal = "arXiv:1203.3774v1 {\tt [hep-ex]}"
}
